@online{WinNT,
  author = {MultiMedia LLC},
  title = {{MS Windows NT} Kernel Description},
  year = 2015,
  url = {https://web.archive.org/web/20150907021223/http://tukaani.org/lzma/benchmarks.html},
  urldate = {2010-09-07}
}
