@MastersThesis{TurecekThesis2011,
    author     =     {Daniel Turecek},
    title     =     {{Software for Radiation Detectors Medipix}},
    school     =     {Czech Technical University in Prague},
    address     =     {Czech Republic},
    year     =     {2011},
    }